<collection>
<record>
<leader>10190cpcaa22026777a 4500</leader>
<controlfield tag="001">13517817</controlfield>
<controlfield tag="005">20180904105044.0</controlfield>
<controlfield tag="008">040310i19921997dcu eng </controlfield>
<datafield ind1=" " ind2=" " tag="906">
<subfield code="a">7</subfield>
<subfield code="b">cbc</subfield>
<subfield code="c">orignew</subfield>
<subfield code="d">u</subfield>
<subfield code="e">ncip</subfield>
<subfield code="f">20</subfield>
<subfield code="g">y-folklife</subfield>
</datafield>
<datafield ind1=" " ind2=" " tag="955">
<subfield code="a">
mkru 2004-02-25; mkru 2004-03-19; mkru 2004-06-03; mkru 2004-11-23; mkru 2011-03-03; cker 2013-02-08; cker 2013-03-07; cker 2013-03-22; cker 2013-04-04; cker 2013-05-21
</subfield>
<subfield code="a">mkru 2018-09-04</subfield>
</datafield>
<datafield ind1=" " ind2=" " tag="010">
<subfield code="a"> 2004695007</subfield>
</datafield>
<datafield ind1=" " ind2=" " tag="040">
<subfield code="a">DLC</subfield>
<subfield code="c">DLC</subfield>
<subfield code="e">appm</subfield>
<subfield code="d">DLC</subfield>
</datafield>
<datafield ind1=" " ind2=" " tag="043">
<subfield code="a">n-us---</subfield>
<subfield code="a">n-cn---</subfield>
</datafield>
<datafield ind1=" " ind2=" " tag="090">
<subfield code="a">AFC 1997/011</subfield>
</datafield>
<datafield ind1="0" ind2="0" tag="245">
<subfield code="a">Lands' End all-American quilt collection,</subfield>
<subfield code="f">1992-1997 /</subfield>
<subfield code="c">collected by Lands' End, Inc.</subfield>
</datafield>
<datafield ind1=" " ind2=" " tag="300">
<subfield code="a">154</subfield>
<subfield code="f">boxes</subfield>
<subfield code="a">(61.5</subfield>
<subfield code="f">linear feet)</subfield>
</datafield>
<datafield ind1=" " ind2=" " tag="300">
<subfield code="3">manuscripts</subfield>
<subfield code="a">ca. 61,700 leaves.</subfield>
</datafield>
<datafield ind1=" " ind2=" " tag="300">
<subfield code="3">graphic images</subfield>
<subfield code="a">18,843 items :</subfield>
<subfield code="b">
photographic prints, negatives, slides, col., b and w ;
</subfield>
<subfield code="c">various sizes.</subfield>
</datafield>
<datafield ind1=" " ind2=" " tag="351">
<subfield code="a">
Organized into the following series: I. Administrative files; II. Contest entries; III. Contest winners 1992, 1994, 1996.
</subfield>
</datafield>
<datafield ind1=" " ind2=" " tag="520">
<subfield code="a">
The collection consists of photographs of quilts and quilters, essays, entry forms, and a few fabric and needlework samples submitted in three nationwide contests in 1992, 1994, and 1996 sponsored by Coming Home, a division of Lands' End, Inc. home shopping service, and Good Housekeeping magazine. Approximately 13,100 entries for the three contests came from all 50 states and the District of Columbia, with a few from Canada. Many styles of needlework, quilting, patchwork, appliqué, and embroidery are represented in the visual materials. The collection also includes correspondence and surveys from some contestants and administrative files related to judging the entries, exhibitions, and publicity.
</subfield>
</datafield>
<datafield ind1="8" ind2=" " tag="524">
<subfield code="a">
Lands' End All-American Quilt Collection (AFC 1997/011), Archive of Folk Culture, American Folklife Center, Library of Congress, Washington, D.C.
</subfield>
</datafield>
<datafield ind1=" " ind2=" " tag="530">
<subfield code="a">
National and state winning entries from the three contests are available as part of the presentation "Quilts and Quiltmaking in America, 1978-1996," an American Memory online resource compiled by the National Digital Library Program of the Library of Congress
</subfield>
<subfield code="u">
https://www.loc.gov/search/?fa=partof:lands%27+end+all-american+quilt+collection
</subfield>
</datafield>
<datafield ind1="1" ind2=" " tag="506">
<subfield code="a">
The collection is open for research. Access restrictions apply, some or all collection materials stored offsite. To request materials, please contact the Folklife Reading Room at
</subfield>
<subfield code="u">http://hdl.loc.gov/loc.afc/folklife.contact</subfield>
</datafield>
<datafield ind1=" " ind2=" " tag="540">
<subfield code="a">
Duplication of the collection materials may be governed by copyright and other restrictions.
</subfield>
</datafield>
<datafield ind1=" " ind2=" " tag="541">
<subfield code="a">Lands' End, Inc.;</subfield>
<subfield code="c">Donation;</subfield>
<subfield code="d">1997.</subfield>
</datafield>
<datafield ind1="0" ind2=" " tag="555">
<subfield code="a">
Finding aid is available in the Folklife Reading Room and online
</subfield>
<subfield code="u">http://hdl.loc.gov/loc.afc/eadafc.af009001</subfield>
</datafield>
<datafield ind1=" " ind2="0" tag="650">
<subfield code="a">Quilts</subfield>
<subfield code="z">United States.</subfield>
</datafield>
<datafield ind1=" " ind2="0" tag="650">
<subfield code="a">Quilting</subfield>
<subfield code="x">Competitions</subfield>
<subfield code="z">United States.</subfield>
</datafield>
<datafield ind1=" " ind2="0" tag="650">
<subfield code="a">Quilts</subfield>
<subfield code="z">Canada.</subfield>
</datafield>
<datafield ind1=" " ind2="0" tag="650">
<subfield code="a">Quiltmakers</subfield>
<subfield code="z">United States.</subfield>
</datafield>
<datafield ind1=" " ind2="0" tag="650">
<subfield code="a">Album quilts</subfield>
<subfield code="z">United States.</subfield>
</datafield>
<datafield ind1=" " ind2="0" tag="650">
<subfield code="a">Appliqué</subfield>
<subfield code="z">United States.</subfield>
</datafield>
<datafield ind1=" " ind2="0" tag="650">
<subfield code="a">Children's quilts</subfield>
<subfield code="z">United States.</subfield>
</datafield>
<datafield ind1=" " ind2="0" tag="650">
<subfield code="a">Contests</subfield>
<subfield code="z">United States.</subfield>
</datafield>
<datafield ind1=" " ind2="0" tag="650">
<subfield code="a">Crazy quilts</subfield>
<subfield code="z">United States.</subfield>
</datafield>
<datafield ind1=" " ind2="0" tag="650">
<subfield code="a">Crib quilts</subfield>
<subfield code="z">United States.</subfield>
</datafield>
<datafield ind1=" " ind2="0" tag="650">
<subfield code="a">Double wedding ring quilts</subfield>
<subfield code="z">United States.</subfield>
</datafield>
<datafield ind1=" " ind2="0" tag="650">
<subfield code="a">Embroidery</subfield>
<subfield code="z">United States.</subfield>
</datafield>
<datafield ind1=" " ind2="0" tag="650">
<subfield code="a">Friendship quilts</subfield>
<subfield code="z">United States.</subfield>
</datafield>
<datafield ind1=" " ind2="0" tag="650">
<subfield code="a">Log cabin quilts</subfield>
<subfield code="z">United States.</subfield>
</datafield>
<datafield ind1=" " ind2="0" tag="650">
<subfield code="a">Machine appliqué</subfield>
<subfield code="z">United States.</subfield>
</datafield>
<datafield ind1=" " ind2="0" tag="650">
<subfield code="a">Needlework</subfield>
<subfield code="z">United States.</subfield>
</datafield>
<datafield ind1=" " ind2="0" tag="650">
<subfield code="a">Patchwork quilts</subfield>
<subfield code="z">United States.</subfield>
</datafield>
<datafield ind1=" " ind2="0" tag="650">
<subfield code="a">Star quilts</subfield>
<subfield code="z">United States.</subfield>
</datafield>
<datafield ind1=" " ind2="0" tag="650">
<subfield code="a">Strip quilting</subfield>
<subfield code="z">United States.</subfield>
</datafield>
<datafield ind1=" " ind2="0" tag="650">
<subfield code="a">Trapunto</subfield>
<subfield code="z">United States.</subfield>
</datafield>
<datafield ind1=" " ind2="7" tag="655">
<subfield code="a">Manuscripts.</subfield>
<subfield code="2">aat</subfield>
</datafield>
<datafield ind1=" " ind2="7" tag="655">
<subfield code="a">Essays.</subfield>
<subfield code="2">aat</subfield>
</datafield>
<datafield ind1=" " ind2="7" tag="655">
<subfield code="a">Photographic prints.</subfield>
<subfield code="2">aat</subfield>
</datafield>
<datafield ind1=" " ind2="7" tag="655">
<subfield code="a">Slides.</subfield>
<subfield code="2">aat</subfield>
</datafield>
<datafield ind1=" " ind2="7" tag="655">
<subfield code="a">Negatives.</subfield>
<subfield code="2">aat</subfield>
</datafield>
<datafield ind1=" " ind2="7" tag="655">
<subfield code="a">Correspondence.</subfield>
<subfield code="2">aat</subfield>
</datafield>
<datafield ind1=" " ind2="7" tag="655">
<subfield code="a">Needlework.</subfield>
<subfield code="2">aat</subfield>
</datafield>
<datafield ind1=" " ind2="7" tag="655">
<subfield code="a">Quilting.</subfield>
<subfield code="2">aat</subfield>
</datafield>
<datafield ind1="1" ind2=" " tag="700">
<subfield code="a">Akana, Elizabeth A.</subfield>
</datafield>
<datafield ind1="1" ind2=" " tag="700">
<subfield code="a">Allison, Mary Ann K.</subfield>
</datafield>
<datafield ind1="1" ind2=" " tag="700">
<subfield code="a">Alltizer, Leona.</subfield>
</datafield>
<datafield ind1="1" ind2=" " tag="700">
<subfield code="a">Anderson, Jennifer Jared.</subfield>
</datafield>
<datafield ind1="1" ind2=" " tag="700">
<subfield code="a">Arakaki, Nancy.</subfield>
</datafield>
<datafield ind1="1" ind2=" " tag="700">
<subfield code="a">Aruns, Jane.</subfield>
</datafield>
<datafield ind1="1" ind2=" " tag="700">
<subfield code="a">Averett, Linda.</subfield>
</datafield>
<datafield ind1="1" ind2=" " tag="700">
<subfield code="a">Baggett, Gladys.</subfield>
</datafield>
<datafield ind1="1" ind2=" " tag="700">
<subfield code="a">Ballard, Debra.</subfield>
</datafield>
<datafield ind1="1" ind2=" " tag="700">
<subfield code="a">Balunis, Evelyn F.</subfield>
</datafield>
<datafield ind1="1" ind2=" " tag="700">
<subfield code="a">Baugh, Catherine.</subfield>
</datafield>
<datafield ind1="1" ind2=" " tag="700">
<subfield code="a">Bawn, Rosemary.</subfield>
</datafield>
<datafield ind1="1" ind2=" " tag="700">
<subfield code="a">Beecroft, Anne Tisdel.</subfield>
</datafield>
<datafield ind1="1" ind2=" " tag="700">
<subfield code="a">Benzo, Terry.</subfield>
</datafield>
<datafield ind1="1" ind2=" " tag="700">
<subfield code="a">Berry, Irene G.</subfield>
</datafield>
<datafield ind1="1" ind2=" " tag="700">
<subfield code="a">Bolton, Pat.</subfield>
</datafield>
<datafield ind1="1" ind2=" " tag="700">
<subfield code="a">Brooks, Kathleen Rindal,</subfield>
<subfield code="d">1956-</subfield>
</datafield>
<datafield ind1="1" ind2=" " tag="700">
<subfield code="a">Bryan, Mamie.</subfield>
</datafield>
<datafield ind1="1" ind2=" " tag="700">
<subfield code="a">Bryant, Jill D.</subfield>
</datafield>
<datafield ind1="1" ind2=" " tag="700">
<subfield code="a">Burge, Shelly.</subfield>
</datafield>
<datafield ind1="1" ind2=" " tag="700">
<subfield code="a">Burrill, Jean F.</subfield>
</datafield>
<datafield ind1="1" ind2=" " tag="700">
<subfield code="a">Butler, Barbara,</subfield>
<subfield code="d">1944-</subfield>
</datafield>
<datafield ind1="1" ind2=" " tag="700">
<subfield code="a">Calhoun, Frances B.</subfield>
</datafield>
<datafield ind1="1" ind2=" " tag="700">
<subfield code="a">Calistro, Polly.</subfield>
</datafield>
<datafield ind1="1" ind2=" " tag="700">
<subfield code="a">Cameron, Charlotte.</subfield>
</datafield>
<datafield ind1="1" ind2=" " tag="700">
<subfield code="a">Chase, Lori.</subfield>
</datafield>
<datafield ind1="1" ind2=" " tag="700">
<subfield code="a">Choate, Donna.</subfield>
</datafield>
<datafield ind1="1" ind2=" " tag="700">
<subfield code="a">Clabo, Margo J.,</subfield>
<subfield code="d">1947-</subfield>
</datafield>
<datafield ind1="1" ind2=" " tag="700">
<subfield code="a">Clarine, Barbara.</subfield>
</datafield>
<datafield ind1="1" ind2=" " tag="700">
<subfield code="a">Clarke, Eileen,</subfield>
<subfield code="d">1948-</subfield>
</datafield>
<datafield ind1="1" ind2=" " tag="700">
<subfield code="a">Denaxas, Pat.</subfield>
</datafield>
<datafield ind1="1" ind2=" " tag="700">
<subfield code="a">Denenberg, Rita.</subfield>
</datafield>
<datafield ind1="1" ind2=" " tag="700">
<subfield code="a">Dick, Betty E.</subfield>
</datafield>
<datafield ind1="1" ind2=" " tag="700">
<subfield code="a">Dison, Deanna D.</subfield>
</datafield>
<datafield ind1="1" ind2=" " tag="700">
<subfield code="a">Dubbs, Kathleen.</subfield>
</datafield>
<datafield ind1="1" ind2=" " tag="700">
<subfield code="a">Dunn, Frances V.</subfield>
</datafield>
<datafield ind1="1" ind2=" " tag="700">
<subfield code="a">Elmer, Susan E.</subfield>
</datafield>
<datafield ind1="1" ind2=" " tag="700">
<subfield code="a">Elvgren, B. J.</subfield>
</datafield>
<datafield ind1="1" ind2=" " tag="700">
<subfield code="a">Encarnación, Patricia.</subfield>
</datafield>
<datafield ind1="1" ind2=" " tag="700">
<subfield code="a">Erlenborn, Dorothy C.</subfield>
</datafield>
<datafield ind1="1" ind2=" " tag="700">
<subfield code="a">Evans, Jane R.,</subfield>
<subfield code="d">1954-</subfield>
</datafield>
<datafield ind1="1" ind2=" " tag="700">
<subfield code="a">Fahl, Ann,</subfield>
<subfield code="d">1947-</subfield>
</datafield>
<datafield ind1="1" ind2=" " tag="700">
<subfield code="a">Finlayson, Constance.</subfield>
</datafield>
<datafield ind1="1" ind2=" " tag="700">
<subfield code="a">Fisher, Emma M.</subfield>
</datafield>
<datafield ind1="1" ind2=" " tag="700">
<subfield code="a">Fraley, Ted.</subfield>
</datafield>
<datafield ind1="1" ind2=" " tag="700">
<subfield code="a">Fuquay, Susan.</subfield>
</datafield>
<datafield ind1="1" ind2=" " tag="700">
<subfield code="a">Fusco, Mary Bartlett.</subfield>
</datafield>
<datafield ind1="1" ind2=" " tag="700">
<subfield code="a">Gant, Alice.</subfield>
</datafield>
<datafield ind1="1" ind2=" " tag="700">
<subfield code="a">Gaudynski, Diane.</subfield>
</datafield>
<datafield ind1="1" ind2=" " tag="700">
<subfield code="a">Gillihan, Anne.</subfield>
</datafield>
<datafield ind1="1" ind2=" " tag="700">
<subfield code="a">Glaze, Sally.</subfield>
</datafield>
<datafield ind1="1" ind2=" " tag="700">
<subfield code="a">Goff, Candy.</subfield>
</datafield>
<datafield ind1="1" ind2=" " tag="700">
<subfield code="a">Gould, Patricia.</subfield>
</datafield>
<datafield ind1="1" ind2=" " tag="700">
<subfield code="a">Greenhoe-Bergh, Eliza.</subfield>
</datafield>
<datafield ind1="1" ind2=" " tag="700">
<subfield code="a">Gresham, Mabel.</subfield>
</datafield>
<datafield ind1="1" ind2=" " tag="700">
<subfield code="a">Haglund, Joan R.</subfield>
</datafield>
<datafield ind1="1" ind2=" " tag="700">
<subfield code="a">Haider, Vicky.</subfield>
</datafield>
<datafield ind1="1" ind2=" " tag="700">
<subfield code="a">Hall, Jane,</subfield>
<subfield code="d">1932-</subfield>
</datafield>
<datafield ind1="1" ind2=" " tag="700">
<subfield code="a">Harbison, Edna R.</subfield>
</datafield>
<datafield ind1="1" ind2=" " tag="700">
<subfield code="a">Harshbarger, Linda.</subfield>
</datafield>
<datafield ind1="1" ind2=" " tag="700">
<subfield code="a">Hattaway, Cesarina.</subfield>
</datafield>
<datafield ind1="1" ind2=" " tag="700">
<subfield code="a">Hague, Elizabeth A.</subfield>
</datafield>
<datafield ind1="1" ind2=" " tag="700">
<subfield code="a">Haywood, Dixie.</subfield>
</datafield>
<datafield ind1="1" ind2=" " tag="700">
<subfield code="a">Hearst, Lavena.</subfield>
</datafield>
<datafield ind1="1" ind2=" " tag="700">
<subfield code="a">Hedin, Susan R.</subfield>
</datafield>
<datafield ind1="1" ind2=" " tag="700">
<subfield code="a">Hegge, Ken.</subfield>
</datafield>
<datafield ind1="1" ind2=" " tag="700">
<subfield code="a">Hire, Dianne S.</subfield>
</datafield>
<datafield ind1="1" ind2=" " tag="700">
<subfield code="a">Holihan, Jane.</subfield>
</datafield>
<datafield ind1="1" ind2=" " tag="700">
<subfield code="a">Hughes, Margaret</subfield>
<subfield code="c">(Quiltmaker)</subfield>
</datafield>
<datafield ind1="1" ind2=" " tag="700">
<subfield code="a">Ingersoll, Patricia,</subfield>
<subfield code="d">1937-</subfield>
</datafield>
<datafield ind1="1" ind2=" " tag="700">
<subfield code="a">Inverso, Therese M.</subfield>
</datafield>
<datafield ind1="1" ind2=" " tag="700">
<subfield code="a">Jordan, Ethel Taylor.</subfield>
</datafield>
<datafield ind1="1" ind2=" " tag="700">
<subfield code="a">Kailhofer, Patricia.</subfield>
</datafield>
<datafield ind1="1" ind2=" " tag="700">
<subfield code="a">Keehr, Brenda.</subfield>
</datafield>
<datafield ind1="1" ind2=" " tag="700">
<subfield code="a">Kepaa, Rita.</subfield>
</datafield>
<datafield ind1="1" ind2=" " tag="700">
<subfield code="a">Kimball, Annabelle.</subfield>
</datafield>
<datafield ind1="1" ind2=" " tag="700">
<subfield code="a">Kimball, Charlene.</subfield>
</datafield>
<datafield ind1="1" ind2=" " tag="700">
<subfield code="a">Kinnear, Geri.</subfield>
</datafield>
<datafield ind1="1" ind2=" " tag="700">
<subfield code="a">Klipfel, Leah.</subfield>
</datafield>
<datafield ind1="1" ind2=" " tag="700">
<subfield code="a">Koehler, Fran.</subfield>
</datafield>
<datafield ind1="1" ind2=" " tag="700">
<subfield code="a">Krauss, Joanne L.</subfield>
</datafield>
<datafield ind1="1" ind2=" " tag="700">
<subfield code="a">Kruelskie, Patricia.</subfield>
</datafield>
<datafield ind1="1" ind2=" " tag="700">
<subfield code="a">Laceky, Carolyn.</subfield>
</datafield>
<datafield ind1="1" ind2=" " tag="700">
<subfield code="a">Landkamer, Ginny.</subfield>
</datafield>
<datafield ind1="1" ind2=" " tag="700">
<subfield code="a">Lee, Kathy A.</subfield>
</datafield>
<datafield ind1="1" ind2=" " tag="700">
<subfield code="a">Ludwig, Janet,</subfield>
<subfield code="d">1945-</subfield>
</datafield>
<datafield ind1="1" ind2=" " tag="700">
<subfield code="a">Lutz, Marcia.</subfield>
</datafield>
<datafield ind1="1" ind2=" " tag="700">
<subfield code="a">Manzanares, Helen.</subfield>
</datafield>
<datafield ind1="1" ind2=" " tag="700">
<subfield code="a">Matthews, Pat J.</subfield>
</datafield>
<datafield ind1="1" ind2=" " tag="700">
<subfield code="a">McAlister, Mary Alma.</subfield>
</datafield>
<datafield ind1="1" ind2=" " tag="700">
<subfield code="a">McCabe, Mary Jo,</subfield>
<subfield code="d">1936-</subfield>
</datafield>
<datafield ind1="1" ind2=" " tag="700">
<subfield code="a">McCoy, Susanne.</subfield>
</datafield>
<datafield ind1="1" ind2=" " tag="700">
<subfield code="a">McKie, Barbara Barrick.</subfield>
</datafield>
<datafield ind1="1" ind2=" " tag="700">
<subfield code="a">McLennand, Sara Ann.</subfield>
</datafield>
<datafield ind1="1" ind2=" " tag="700">
<subfield code="a">McNutt-Kaestner, Cindy.</subfield>
</datafield>
<datafield ind1="1" ind2=" " tag="700">
<subfield code="a">McWilliams, Margaret C.</subfield>
</datafield>
<datafield ind1="1" ind2=" " tag="700">
<subfield code="a">Medovic, Cathy.</subfield>
</datafield>
<datafield ind1="1" ind2=" " tag="700">
<subfield code="a">Metz, Pearl.</subfield>
</datafield>
<datafield ind1="1" ind2=" " tag="700">
<subfield code="a">Morris, Ruth W.</subfield>
</datafield>
<datafield ind1="1" ind2=" " tag="700">
<subfield code="a">Miller, Dianne</subfield>
<subfield code="c">(Quiltmaker)</subfield>
</datafield>
<datafield ind1="1" ind2=" " tag="700">
<subfield code="a">Millward, Hazel I.</subfield>
</datafield>
<datafield ind1="1" ind2=" " tag="700">
<subfield code="a">Musick, Ruann.</subfield>
</datafield>
<datafield ind1="1" ind2=" " tag="700">
<subfield code="a">Myers, Dorothy A.</subfield>
</datafield>
<datafield ind1="1" ind2=" " tag="700">
<subfield code="a">Nancarrow, Ree.</subfield>
</datafield>
<datafield ind1="1" ind2=" " tag="700">
<subfield code="a">Newman, Terrie.</subfield>
</datafield>
<datafield ind1="1" ind2=" " tag="700">
<subfield code="a">Nicholson, Naomi.</subfield>
</datafield>
<datafield ind1="1" ind2=" " tag="700">
<subfield code="a">Null, Nancy Marzilli.</subfield>
</datafield>
<datafield ind1="1" ind2=" " tag="700">
<subfield code="a">Olson, Noelle M.</subfield>
</datafield>
<datafield ind1="1" ind2=" " tag="700">
<subfield code="a">Ott, Carol K.</subfield>
</datafield>
<datafield ind1="1" ind2=" " tag="700">
<subfield code="a">Parks, Laura Bailey.</subfield>
</datafield>
<datafield ind1="1" ind2=" " tag="700">
<subfield code="a">Patch, Adele.</subfield>
</datafield>
<datafield ind1="1" ind2=" " tag="700">
<subfield code="a">Patton, Ila,</subfield>
<subfield code="d">1905-2001.</subfield>
</datafield>
<datafield ind1="1" ind2=" " tag="700">
<subfield code="a">Paul, Anna Mae.</subfield>
</datafield>
<datafield ind1="1" ind2=" " tag="700">
<subfield code="a">Pelletier, Sophie.</subfield>
</datafield>
<datafield ind1="1" ind2=" " tag="700">
<subfield code="a">Perea, Ilse.</subfield>
</datafield>
<datafield ind1="1" ind2=" " tag="700">
<subfield code="a">Potter, Maggie.</subfield>
</datafield>
<datafield ind1="1" ind2=" " tag="700">
<subfield code="a">Prentice, Royce H.</subfield>
</datafield>
<datafield ind1="1" ind2=" " tag="700">
<subfield code="a">Ramsey, Kathy.</subfield>
</datafield>
<datafield ind1="1" ind2=" " tag="700">
<subfield code="a">Rasso, Nancy.</subfield>
</datafield>
<datafield ind1="1" ind2=" " tag="700">
<subfield code="a">Reisch, Lori.</subfield>
</datafield>
<datafield ind1="1" ind2=" " tag="700">
<subfield code="a">Richards, Rhonda</subfield>
<subfield code="q">(Rhonda L.),</subfield>
<subfield code="d">1968-</subfield>
</datafield>
<datafield ind1="1" ind2=" " tag="700">
<subfield code="a">Rouse, Kathryn.</subfield>
</datafield>
<datafield ind1="1" ind2=" " tag="700">
<subfield code="a">Schell, Ann-Lillian.</subfield>
</datafield>
<datafield ind1="1" ind2=" " tag="700">
<subfield code="a">Schutt, Suzanne Peery.</subfield>
</datafield>
<datafield ind1="1" ind2=" " tag="700">
<subfield code="a">Schwam, Vicki.</subfield>
</datafield>
<datafield ind1="1" ind2=" " tag="700">
<subfield code="a">Scoggan, Pam.</subfield>
</datafield>
<datafield ind1="1" ind2=" " tag="700">
<subfield code="a">Seay, J. Alex.</subfield>
</datafield>
<datafield ind1="1" ind2=" " tag="700">
<subfield code="a">Seigel, Rebekka.</subfield>
</datafield>
<datafield ind1="1" ind2=" " tag="700">
<subfield code="a">Sells, Audree L.</subfield>
</datafield>
<datafield ind1="1" ind2=" " tag="700">
<subfield code="a">Sewell, Natalie.</subfield>
</datafield>
<datafield ind1="1" ind2=" " tag="700">
<subfield code="a">Sewell, Sonja.</subfield>
</datafield>
<datafield ind1="1" ind2=" " tag="700">
<subfield code="a">Shaw, Leslie B.</subfield>
</datafield>
<datafield ind1="1" ind2=" " tag="700">
<subfield code="a">Shockley, Maggie.</subfield>
</datafield>
<datafield ind1="1" ind2=" " tag="700">
<subfield code="a">Sierra, Lois.</subfield>
</datafield>
<datafield ind1="1" ind2=" " tag="700">
<subfield code="a">Simmons, Lorraine E.</subfield>
</datafield>
<datafield ind1="1" ind2=" " tag="700">
<subfield code="a">Singer, Vivian R.</subfield>
</datafield>
<datafield ind1="1" ind2=" " tag="700">
<subfield code="a">Smith, Karen A.</subfield>
<subfield code="c">(Quiltmaker)</subfield>
</datafield>
<datafield ind1="1" ind2=" " tag="700">
<subfield code="a">Smith, Sandra E.,</subfield>
<subfield code="d">1942-</subfield>
</datafield>
<datafield ind1="1" ind2=" " tag="700">
<subfield code="a">Spencer, Jeannette E.</subfield>
</datafield>
<datafield ind1="1" ind2=" " tag="700">
<subfield code="a">Splitt, Martha.</subfield>
</datafield>
<datafield ind1="1" ind2=" " tag="700">
<subfield code="a">Stanley, Lura,</subfield>
<subfield code="d">1906-1984.</subfield>
</datafield>
<datafield ind1="1" ind2=" " tag="700">
<subfield code="a">Stewart, Joyce,</subfield>
<subfield code="d">1939-</subfield>
</datafield>
<datafield ind1="1" ind2=" " tag="700">
<subfield code="a">Strasberg, Lois.</subfield>
</datafield>
<datafield ind1="1" ind2=" " tag="700">
<subfield code="a">Styring, Patricia.</subfield>
</datafield>
<datafield ind1="1" ind2=" " tag="700">
<subfield code="a">Sugiyama, Yuki.</subfield>
</datafield>
<datafield ind1="1" ind2=" " tag="700">
<subfield code="a">Thompson, Judith I.</subfield>
</datafield>
<datafield ind1="1" ind2=" " tag="700">
<subfield code="a">Timby, Deborah Bird.</subfield>
</datafield>
<datafield ind1="1" ind2=" " tag="700">
<subfield code="a">Todd, Zenna,</subfield>
<subfield code="d">1916-2012.</subfield>
</datafield>
<datafield ind1="1" ind2=" " tag="700">
<subfield code="a">Tucker, Daren L.</subfield>
</datafield>
<datafield ind1="1" ind2=" " tag="700">
<subfield code="a">Tummings, LaQuita.</subfield>
</datafield>
<datafield ind1="1" ind2=" " tag="700">
<subfield code="a">Webb, Marianne P.</subfield>
</datafield>
<datafield ind1="1" ind2=" " tag="700">
<subfield code="a">Weber, Julia C.</subfield>
</datafield>
<datafield ind1="1" ind2=" " tag="700">
<subfield code="a">White, Norma.</subfield>
</datafield>
<datafield ind1="1" ind2=" " tag="700">
<subfield code="a">Witteman, Lori.</subfield>
</datafield>
<datafield ind1="1" ind2=" " tag="700">
<subfield code="a">Wood, Sherri.</subfield>
</datafield>
<datafield ind1="1" ind2=" " tag="700">
<subfield code="a">Woodfield, Marlene Brown.</subfield>
</datafield>
<datafield ind1="1" ind2=" " tag="700">
<subfield code="a">Wortman, Penelope.</subfield>
</datafield>
<datafield ind1="1" ind2=" " tag="700">
<subfield code="a">Ziegler, Madge.</subfield>
</datafield>
<datafield ind1="1" ind2=" " tag="700">
<subfield code="a">Zocher, Judie.</subfield>
</datafield>
<datafield ind1="2" ind2=" " tag="710">
<subfield code="a">Archive of Folk Culture (Library of Congress)</subfield>
</datafield>
<datafield ind1="2" ind2=" " tag="710">
<subfield code="a">American Folklife Center.</subfield>
</datafield>
<datafield ind1="2" ind2=" " tag="710">
<subfield code="a">Lands' End, Inc.,</subfield>
<subfield code="e">collector.</subfield>
</datafield>
<datafield ind1="2" ind2=" " tag="710">
<subfield code="a">Library of Congress.</subfield>
<subfield code="b">National Digital Library Program.</subfield>
</datafield>
<datafield ind1="2" ind2=" " tag="711">
<subfield code="a">Lands' End All-American Quilt Contest.</subfield>
</datafield>
<datafield ind1="0" ind2=" " tag="740">
<subfield code="a">Quilts and quiltmaking in America, 1978-1996.</subfield>
</datafield>
<datafield ind1="0" ind2=" " tag="740">
<subfield code="a">Good housekeeping.</subfield>
</datafield>
<datafield ind1=" " ind2=" " tag="852">
<subfield code="a">Library of Congress</subfield>
<subfield code="b">Archive of Folk Culture, American Folklife Center,</subfield>
<subfield code="e">
101 Independence Ave. S.E., Washington, DC USA 20540-4610
</subfield>
<subfield code="u">http://hdl.loc.gov/loc.afc/folklife.home</subfield>
</datafield>
<datafield ind1="4" ind2="1" tag="856">
<subfield code="3">Quilts and Quiltmaking in America, 1978 to 1996</subfield>
<subfield code="u">http://hdl.loc.gov/loc.afc/collafc.af000010</subfield>
</datafield>
<datafield ind1="4" ind2="2" tag="856">
<subfield code="3">Finding aid</subfield>
<subfield code="u">http://hdl.loc.gov/loc.afc/eadafc.af009001</subfield>
</datafield>
<datafield ind1=" " ind2=" " tag="985">
<subfield code="e">ammem</subfield>
</datafield>
<datafield ind1=" " ind2=" " tag="985">
<subfield code="a">afc/ead</subfield>
</datafield>
<datafield ind1=" " ind2=" " tag="985">
<subfield code="a">afc/coll</subfield>
</datafield>
</record>
</collection>